% this is the bibliography file

@book{milan,
	author = {Milan Stevanovic},
	title = {C and C++ Compiling},
	month = {April},
	year = {2014},
	publisher = {Apress},
}

@book{lal,
	author = {John R. Levin},
	title = {Linkers and Loaders},
	month = {October},
	year = {1999},
	publisher = {Morgan Kaufmann}
}

@misc{elf-url,
	title = {Executable and Linkable Format},
	author = {Yale FLINT Group},
	howpublished  = "\url{http://flint.cs.yale.edu/cs422/doc/ELF_Format.pdf}",
}
